@article{tong2021normal,
  title={Normal transformation for correlated random variables based on L-moments and its application in reliability engineering},
  author={Tong, Ming-Na and Zhao, Yan-Gang and Lu, Zhao-Hui},
  journal={Reliability Engineering \& System Safety},
  volume={207},
  pages={107334},
  year={2021},
  publisher={Elsevier}
}

@article{lu2017structural,
  title={Structural reliability analysis including correlated random variables based on third-moment transformation},
  author={Lu, Zhao-Hui and Cai, Chao-Huang and Zhao, Yan-Gang},
  journal={Journal of Structural Engineering},
  volume={143},
  number={8},
  pages={04017067},
  year={2017},
  publisher={American Society of Civil Engineers}
}




@article{zhao2021orthogonal,
  title={An orthogonal normal transformation of correlated non-normal random variables for structural reliability},
  author={Zhao, Yan-Gang and Weng, Ye-Yao and Lu, Zhao-Hui},
  journal={Probabilistic Engineering Mechanics},
  volume={64},
  pages={103130},
  year={2021},
  publisher={Elsevier}
}

@article{zhao2018complete,
  title={Complete monotonic expression of the fourth-moment normal transformation for structural reliability},
  author={Zhao, Yan-Gang and Zhang, Xuan-Yi and Lu, Zhao-Hui},
  journal={Computers \& Structures},
  volume={196},
  pages={186--199},
  year={2018},
  publisher={Elsevier}
}


@article{zhao2020monotonic,
  title={Monotonic expression of polynomial normal transformation based on the first four L-moments},
  author={Zhao, Yan-Gang and Tong, Ming-Na and Lu, Zhao-Hui and Xu, Jun},
  journal={Journal of Engineering Mechanics},
  volume={146},
  number={7},
  pages={06020003},
  year={2020},
  publisher={American Society of Civil Engineers}
}

@article{chambers1976method,
  title={A method for simulating stable random variables},
  author={Chambers, John M and Mallows, Colin L and Stuck, BW4159820341},
  journal={Journal of the american statistical association},
  volume={71},
  number={354},
  pages={340--344},
  year={1976},
  publisher={Taylor \& Francis}
}